@book{Knu86,
  author    = {Donald E. Knuth},
  title     = {The TeXbook},
  publisher = {Addison-Wesley},
  year      = {1986},
  isbn      = {0-201-13447-0},
  bibsource = {DBLP, http://dblp.uni-trier.de}
}

@book{Lam94,
  author    = {Leslie Lamport},
  title     = {LaTeX - A Document Preparation System: User's Guide and
               Reference Manual, Second Edition},
  publisher = {Pearson / Prentice Hall},
  year      = {1994},
  isbn      = {978-0-201-52983-8},
  pages     = {I-XVI, 1-272},
  bibsource = {DBLP, http://dblp.uni-trier.de}
}

@article{Zheng,
  title={Virtual reality},
  author={Zheng, JM and Chan, KW and Gibson, Ian},
  journal={Ieee Potentials},
  volume={17},
  number={2},
  pages={20--23},
  year={1998},
  publisher={IEEE}
}

@article{Hepperle,
  title={2D, 3D or speech? A case study on which user interface is preferable for what kind of object interaction in immersive virtual reality},
  author={Hepperle, Daniel and Wei{\ss}, Yannick and Siess, Andreas and W{\"o}lfel, Matthias},
  journal={Computers \& Graphics},
  volume={82},
  pages={321--331},
  year={2019},
  publisher={Elsevier}
}

% Diegetica e Spaziale -> interfacce migliori, pi√π immersive
@article{Raffaele,
  title={Evaluation of immersive user interfaces in virtual reality first person games},
  author={Raffaele, Rennan and Carvalho, Breno and Silva, Frutuoso},
  journal={24{\textordmasculine} Encontro Portugu{\^e}s de Computa{\c{c}}{\~a}o Gr{\'a}fica e Intera{\c{c}}{\~a}o},
  pages={123--126},
  year={2017}
}

